@article{DBLP:journals/tit/DiffieH76,
  author    = {Whitfield Diffie and
               Martin E. Hellman},
  title     = {New directions in cryptography},
  journal   = {{IEEE} Transactions on Information Theory},
  volume    = {22},
  number    = {6},
  pages     = {644--654},
  year      = {1976},
  url       = {http://doi.ieeecomputersociety.org/10.1109/TIT.1976.1055638},
  doi       = {10.1109/TIT.1976.1055638},
  timestamp = {Wed, 19 Oct 2011 19:40:06 +0200},
  biburl    = {http://dblp.uni-trier.de/rec/bib/journals/tit/DiffieH76},
  bibsource = {dblp computer science bibliography, http://dblp.org}
}

@article{DBLP:journals/cacm/RivestSA78,
  author    = {Ronald L. Rivest and
               Adi Shamir and
               Leonard M. Adleman},
  title     = {A Method for Obtaining Digital Signatures and Public-Key 
Cryptosystems},
  journal   = {Commun. {ACM}},
  volume    = {21},
  number    = {2},
  pages     = {120--126},
  year      = {1978},
  url       = {http://doi.acm.org/10.1145/359340.359342},
  doi       = {10.1145/359340.359342},
  timestamp = {Tue, 07 Jun 2011 16:51:11 +0200},
  biburl    = {http://dblp.uni-trier.de/rec/bib/journals/cacm/RivestSA78},
  bibsource = {dblp computer science bibliography, http://dblp.org}
}

@inproceedings{DBLP:conf/aes/DaemenR00,
  author    = {Joan Daemen and
               Vincent Rijmen},
  title     = {Rijndael for {AES}},
  booktitle = {{AES} Candidate Conference},
  pages     = {343--348},
  year      = {2000},
  timestamp = {Thu, 03 Jan 2002 11:52:30 +0100},
  biburl    = {http://dblp.uni-trier.de/rec/bib/conf/aes/DaemenR00},
  bibsource = {dblp computer science bibliography, http://dblp.org}
}

@book{DBLP:books/sp/DaemenR02,
  author    = {Joan Daemen and
               Vincent Rijmen},
  title     = {The Design of Rijndael: {AES} - The Advanced Encryption 
Standard},
  series    = {Information Security and Cryptography},
  publisher = {Springer},
  year      = {2002},
  url       = {http://dx.doi.org/10.1007/978-3-662-04722-4},
  doi       = {10.1007/978-3-662-04722-4},
  isbn      = {3-540-42580-2},
  timestamp = {Tue, 20 Aug 2013 18:59:58 +0200},
  biburl    = {http://dblp.uni-trier.de/rec/bib/books/sp/DaemenR02},
  bibsource = {dblp computer science bibliography, http://dblp.org}
}

